<?xml version="1.0" encoding="UTF-8"?>
<record xmlns="http://www.loc.gov/MARC21/slim" xmlns:xsi="http://www.w3.org/2001/XMLSchema-instance" xsi:schemaLocation="http://www.loc.gov/MARC21/slim http://www.loc.gov/standards/marcxml/schema/MARC21slim.xsd">
<leader>00000cam a22      a 4500</leader>
<controlfield tag="001">001680156</controlfield>
<controlfield tag="003">NNU</controlfield>
<controlfield tag="005">20141017173822.0</controlfield>
<controlfield tag="008">890828s1953    le            000 0 ara d</controlfield>
<datafield tag="035" ind1=" " ind2=" ">
<subfield code="a">(OCoLC)67309044</subfield>
</datafield>
<datafield tag="040" ind1=" " ind2=" ">
<subfield code="a">EYM</subfield>
<subfield code="c">EYM</subfield>
<subfield code="d">OCLCF</subfield>
<subfield code="d">NNU</subfield>
</datafield>
<datafield tag="050" ind1=" " ind2="4">
<subfield code="a">PJ7553</subfield>
<subfield code="b">.M3</subfield>
</datafield>
<datafield tag="100" ind1="1" ind2=" ">
<subfield code="6">880-01</subfield>
<subfield code="a">Maqdisī, Anīs al-Khūrī</subfield>
</datafield>
<datafield tag="245" ind1="1" ind2="0">
<subfield code="6">880-02</subfield>
<subfield code="a">Umarāʼ al-shiʻr al-ʻArabī fī al-ʻaṣr al-ʻAbbāsī /</subfield>
<subfield code="c">Anīs al-Maqdasī.</subfield>
</datafield>
<datafield tag="250" ind1=" " ind2=" ">
<subfield code="6">880-03</subfield>
<subfield code="a">al-Ṭabʻah 4.</subfield>
</datafield>
<datafield tag="260" ind1=" " ind2=" ">
<subfield code="6">880-04</subfield>
<subfield code="a">Bayrūt,</subfield>
<subfield code="b">al-Maṭbaʻah al-Amīrkānīyah,</subfield>
<subfield code="c">[1953]</subfield>
</datafield>
<datafield tag="300" ind1=" " ind2=" ">
<subfield code="a">424 p.</subfield>
<subfield code="c">24 cm.</subfield>
</datafield>
<datafield tag="650" ind1=" " ind2="0">
<subfield code="a">Arabic poetry</subfield>
<subfield code="x">Bio-bibliography.</subfield>
</datafield>
<datafield tag="650" ind1=" " ind2="7">
<subfield code="a">Arabic poetry.</subfield>
<subfield code="2">fast</subfield>
<subfield code="0">(OCoLC)fst00812533</subfield>
</datafield>
<datafield tag="655" ind1=" " ind2="7">
<subfield code="a">Bio-bibliography.</subfield>
<subfield code="2">fast</subfield>
<subfield code="0">(OCoLC)fst01423685</subfield>
</datafield>
<datafield tag="776" ind1="0" ind2="8">
<subfield code="i">Online version:</subfield>
<subfield code="a">Maqdisī, Anīs al-Khūrī</subfield>
<subfield code="t">Umarāʼ al-shiʻr al-ʻArabī fī al-ʻaṣr al-ʻabbāsī</subfield>
<subfield code="b">al-Ṭabʻah 4.</subfield>
<subfield code="d">Bayrūt, al-Maṭbaʻah al-Amīrkānīyah, [1953]</subfield>
<subfield code="w">(OCoLC)586055428</subfield>
</datafield>
<datafield tag="776" ind1="0" ind2="8">
<subfield code="i">Online version:</subfield>
<subfield code="a">Maqdisī, Anīs al-Khūrī</subfield>
<subfield code="t">Umarāʼ al-shiʻr al-ʻArabī fī al-ʻaṣr al-ʻabbāsī</subfield>
<subfield code="b">al-Ṭabʻah 4.</subfield>
<subfield code="d">Bayrūt, al-Maṭbaʻah al-Amīrkānīyah, [1953]</subfield>
<subfield code="w">(OCoLC)609230062</subfield>
</datafield>
<datafield tag="880" ind1="1" ind2=" ">
<subfield code="6">100-01/</subfield>
<subfield code="a">مقدسي، انيس الخوري</subfield>
</datafield>
<datafield tag="880" ind1="1" ind2="0">
<subfield code="6">245-02/</subfield>
<subfield code="a">امراء الشعر العربي في العصر العباسي /</subfield>
<subfield code="c">انيس المقدسي.</subfield>
</datafield>
<datafield tag="880" ind1=" " ind2=" ">
<subfield code="6">250-03/</subfield>
<subfield code="a">الطبعة 4.</subfield>
</datafield>
<datafield tag="880" ind1=" " ind2=" ">
<subfield code="6">260-04/</subfield>
<subfield code="a">بيروت،</subfield>
<subfield code="b">المطبعة الاميركانية،</subfield>
<subfield code="c">[1953]</subfield>
</datafield>
<datafield tag="OWN" ind1=" " ind2=" ">
<subfield code="a">GENERAL</subfield>
</datafield>
<datafield tag="AVA" ind1=" " ind2=" ">
<subfield code="a">NYU50</subfield>
<subfield code="b">BOBST</subfield>
<subfield code="c">Main Collection</subfield>
<subfield code="d">PJ7553 .M3</subfield>
<subfield code="e">unavailable</subfield>
<subfield code="t">Unavailable</subfield>
<subfield code="f">1</subfield>
<subfield code="g">1</subfield>
<subfield code="h">N</subfield>
<subfield code="i">0</subfield>
<subfield code="j">MAIN</subfield>
<subfield code="k">0</subfield>
</datafield>
</record>
